@article{kulis2012metric,
  title={Metric learning: A survey},
  author={Kulis, Brian},
  journal={Foundations \& Trends in Machine Learning},
  volume={5},
  number={4},
  pages={287--364},
  year={2012}
}
@article{tipping1999probabilistic,
  title={Probabilistic principal component analysis},
  author={Tipping, Michael E and Bishop, Christopher M},
  journal={Journal of the Royal Statistical Society: Series B (Statistical Methodology)},
  volume={61},
  number={3},
  pages={611--622},
  year={1999},
  publisher={Wiley Online Library}
}
@article{scholkopf1998nonlinear,
  title={Nonlinear component analysis as a kernel eigenvalue problem},
  author={Sch{\"o}lkopf, Bernhard and Smola, Alexander and M{\"u}ller, Klaus-Robert},
  journal={Neural computation},
  volume={10},
  number={5},
  pages={1299--1319},
  year={1998},
  publisher={MIT Press}
}
@inproceedings{xing2002distance,
  title={Distance metric learning with application to clustering with side-information},
  author={Xing, Eric P and Jordan, Michael I and Russell, Stuart and Ng, Andrew Y},
  booktitle={Advances in neural information processing systems},
  pages={505--512},
  year={2002}
}
@inproceedings{bilenko2004integrating,
  title={Integrating constraints and metric learning in semi-supervised clustering},
  author={Bilenko, Mikhail and Basu, Sugato and Mooney, Raymond J},
  booktitle={Proceedings of the twenty-first international conference on Machine learning},
  pages={11},
  year={2004},
  organization={ACM}
}
@inproceedings{davis2007information,
  title={Information-theoretic metric learning},
  author={Davis, Jason V and Kulis, Brian and Jain, Prateek and Sra, Suvrit and Dhillon, Inderjit S},
  booktitle={Proceedings of the 24th international conference on Machine learning},
  pages={209--216},
  year={2007},
  organization={ACM}
}
@article{schultz2004learning,
  title={Learning a distance metric from relative comparisons},
  author={Schultz, Matthew and Joachims, Thorsten},
  journal={Advances in neural information processing systems (NIPS)},
  pages={41},
  year={2004}
}
@inproceedings{rosales2006learning,
  title={Learning sparse metrics via linear programming},
  author={Rosales, R{\'o}mer and Fung, Glenn},
  booktitle={Proceedings of the 12th ACM SIGKDD international conference on Knowledge discovery and data mining},
  pages={367--373},
  year={2006},
  organization={ACM}
}
@inproceedings{kwok2003learning,
  title={Learning with idealized kernels},
  author={Kwok, James T and Tsang, Ivor W},
  booktitle={ICML},
  pages={400--407},
  year={2003}
}
@inproceedings{jain2010inductive,
  title={Inductive regularized learning of kernel functions},
  author={Jain, Prateek and Kulis, Brian and Dhillon, Inderjit S},
  booktitle={Advances in Neural Information Processing Systems},
  pages={946--954},
  year={2010}
}
@inproceedings{hoi2006learning,
  title={Learning distance metrics with contextual constraints for image retrieval},
  author={Hoi, Steven CH and Liu, Wei and Lyu, Michael R and Ma, Wei-Ying},
  booktitle={Computer Vision and Pattern Recognition, 2006 IEEE Computer Society Conference on},
  volume={2},
  pages={2072--2078},
  year={2006},
  organization={IEEE}
}
@inproceedings{frome2007learning,
  title={Learning globally-consistent local distance functions for shape-based image retrieval and classification},
  author={Frome, Andrea and Singer, Yoram and Sha, Fei and Malik, Jitendra},
  booktitle={Computer Vision, 2007. ICCV 2007. IEEE 11th International Conference on},
  pages={1--8},
  year={2007},
  organization={IEEE}
}
@inproceedings{guillaumin2009you,
  title={Is that you? Metric learning approaches for face identification},
  author={Guillaumin, Matthieu and Verbeek, Jakob and Schmid, Cordelia},
  booktitle={Computer Vision, 2009 IEEE 12th International Conference on},
  pages={498--505},
  year={2009},
  organization={IEEE}
}
@inproceedings{davis2008structured,
  title={Structured metric learning for high dimensional problems},
  author={Davis, Jason V and Dhillon, Inderjit S},
  booktitle={Proceedings of the 14th ACM SIGKDD international conference on Knowledge discovery and data mining},
  pages={195--203},
  year={2008},
  organization={ACM}
}
@article{xiong2006kernel,
  title={Kernel-based distance metric learning for microarray data classification},
  author={Xiong, Huilin and Chen, Xue-wen},
  journal={BMC bioinformatics},
  volume={7},
  number={1},
  pages={299},
  year={2006},
  publisher={BioMed Central Ltd}
}

@inproceedings{li2003learning,
  title={Learning to classify texts using positive and unlabeled data},
  author={Li, Xiaoli and Liu, Bing},
  booktitle={IJCAI},
  volume={3},
  pages={587--592},
  year={2003}
}
@inproceedings{elkan2008learning,
  title={Learning classifiers from only positive and unlabeled data},
  author={Elkan, Charles and Noto, Keith},
  booktitle={Proceedings of the 14th ACM SIGKDD international conference on Knowledge discovery and data mining},
  pages={213--220},
  year={2008},
  organization={ACM}
}
@article{cerulo2010learning,
  title={Learning gene regulatory networks from only positive and unlabeled data},
  author={Cerulo, Luigi and Elkan, Charles and Ceccarelli, Michele},
  journal={Bmc Bioinformatics},
  volume={11},
  number={1},
  pages={228},
  year={2010},
  publisher={BioMed Central Ltd}
}
@article{jones2001taxonomy,
  title={A taxonomy of global optimization methods based on response surfaces},
  author={Jones, Donald R},
  journal={Journal of global optimization},
  volume={21},
  number={4},
  pages={345--383},
  year={2001},
  publisher={Springer}
}

@inproceedings{Wang:2013b,
  title = "Bayesian Optimization in High Dimensions via Random Embeddings",
  author = "Ziyu Wang and Masrour Zoghi and Frank Hutter and David Matheson and Nando de Freitas",
  year = "2013",
  booktitle = "International Joint Conferences on Artificial Intelligence (IJCAI) - Distinguished Paper Award",
  url = "http://www.cs.ubc.ca/~hutter/papers/13-IJCAI-BO-highdim.pdf",
}

@inproceedings{azimi2010myopic,
  title={Myopic Policies for Budgeted Optimization with Constrained Experiments.},
  author={Azimi, Javad and Fern, Xiaoli and Fern, Alan and Burrows, Elizabeth and Chaplen, Frank and Fan, Yanzhen and Liu, Hong and Jaio, Jun and Schaller, Rebecca},
  booktitle={AAAI},
  year={2010}
}
@article{krause2008near,
  title={Near-optimal sensor placements in Gaussian processes: Theory, efficient algorithms and empirical studies},
  author={Krause, Andreas and Singh, Ajit and Guestrin, Carlos},
  journal={The Journal of Machine Learning Research},
  volume={9},
  pages={235--284},
  year={2008},
  publisher={JMLR. org}
}

@article{martinez2009bayesian,
  title={A Bayesian exploration-exploitation approach for optimal online sensing and planning with a visually guided mobile robot},
  author={Martinez-Cantin, Ruben and de Freitas, Nando and Brochu, Eric and Castellanos, Jos{\'e} and Doucet, Arnaud},
  journal={Autonomous Robots},
  volume={27},
  number={2},
  pages={93--103},
  year={2009},
  publisher={Springer}
}
@inproceedings{snoek2012practical,
  title={Practical Bayesian optimization of machine learning algorithms},
  author={Snoek, Jasper and Larochelle, Hugo and Adams, Ryan P},
  booktitle={Advances in Neural Information Processing Systems},
  pages={2951--2959},
  year={2012}
}
